
@article{Bose1924,
	year={1924},
	issn={0044-3328},
	journal={Zeitschrift f√ºr Physik},
	volume={26},
	number={1},
	doidoi={10.1007/BF01327326},
	title={Plancks Gesetz und Lichtquantenhypothese},
	url={http://dx.doi.org/10.1007/BF01327326},
	publisher={Springer-Verlag},
	author={Bose, S.N.},
	pages={178-181},
	language={German}
	}

@article{Einstein1925,
	author={Einstein, A.},
	year = {1925},
	title = {Quantentheorie des einatomigen idealen Gases}, 
	journal = {Sitzungsber. Preuss. Akad. Wiss.},
	volume= {1},
	pages = {3}
	}

@article{Dalfovo1999,
	title = {Theory of Bose-Einstein condensation in trapped gases},
	author = {Dalfovo, Franco and Giorgini, Stefano and Pitaevskii, Lev P. and Stringari, Sandro},
	journal = {Rev. Mod. Phys.},
	volume = {71},
	issue = {3},
	pages = {463--512},
	numpages = {0},
	year = {1999},
	month = {Apr},
	publisher = {American Physical Society},
	doi = {10.1103/RevModPhys.71.463},
	url = {http://link.aps.org/doi/10.1103/RevModPhys.71.463}
	}

